@string{ap = {Ann. Phys.}}

@string{ams ={Ann. Math. Stat.}}

@string{aph = {Acta Phys.}}

@string{apj = {Astrophys. J.}}

@string{apjsup = {Astrophys. J. Suppl.}}

@string{apl = {Appl. Phys. Lett.}}

@string{app = {Astroparticle Phys.}}

@string{appl = {Astrophys. J. Lett.}}

@string{apss = {Astrophys. Space Sci.}}

@string{cpam = {Commun. Pure Appl. Math.}}

@string{cpc = {Comp. Phys. Comm.}}
@string{cr = {Chem. Rev.}}

@string{ieeeit = {IEEE Trans. Inf. Th.}}

@string{ieeens = {IEEE Trans. Nucl. Sci.}}

@string{ieeeps = {IEEE Trans. Plasma Sci.}}
@string{prieee = {Proc. IEEE}}
@string{prieeeold = {Proc. IRE}}

@string{ijimw = {Interntl. J. Infrared \& Millimeter Waves}}

@string{ijmpa = {Int. J. Mod. Phys. A}}

@string{inc = {Nuovo Cimento}}


@string{jap = {J. Appl. Phys.}}

@string{jasa = {J. Amer. Stat. Assoc.}}

@string{jcap = {J. Cosm. Astro. Phys.}}

@string{jcp = {J. Comp. Phys.}}
@string{jct = {J. Chem. Thermodyn.}}

@string{ji = {JINST}}

@string{jmp = {J. Math. Phys.}}

@string{jne = {J. Nucl. Energy}}

@string{jnec = {J. Nucl. Energy, C: Plasma Phys., Accelerators, Thermonucl. Res.}}

@string{jnm = {J. Nucl. Mat.}}

@string{jpc = {J. Phys. Chem.}}

@string{jpcrd = {J. Phys. Chem. Ref. Data}}

@string{jpcs = {J. Phys. Conf. Ser.}}
@string{jpg = {J. Phys. G: Nucl. Part. Phys.}}

@string{jpp = {J. Plasma Phys.}}

@string{jpsj = {J. Phys. Soc. Japan}}

@string{jsi = {J. Sci. Instrum.}}

@string{jvst = {J. Vac. Sci. \& Tech.}}
@string{mpla = {Mod. Phys. Lett. A}}

@string{nat = {Nature}}

@string{nature = {Nature}}

@string{nc = {Nuovo Cimento}}

@string{nedf = {Nucl. Eng. \& Design/Fusion}}

@string{nf = {Nucl. Fusion}}

@string{nim = {Nucl. Inst. \& Meth.}}

@string{nima = {Nucl. Inst. \& Meth. A}}

@string{nimb = {Nucl. Inst. \& Meth. B}}

@string{nimpr = {Nucl. Inst. \& Meth. in Phys. Res.}}

@string{np = {Nucl. Phys.}}

@string{npa = {Nucl. Phys. A}}

@string{npb = {Nucl. Phys. B}}

@string{nse = {Nucl. Sci. Eng.}}

@string{npbpc = {Nucl. Phys. B (Proc. Suppl.)}}

@string{nt/f = {Nucl. Tech./Fusion}}

@string{pan = {Phys. Atom. Nucl.}}

@string{pf = {Phys. Fluids}}

@string{pfa = {Phys. Fluids A: Fluid Dyn.}}

@string{pfb = {Phys. Fluids B: Plasma Phys.}}

@string{phitrsl = {Philos. Trans. Roy. Soc. London}}

@string{physrev = {Phys. Rev.}}

@string{pl = {Phys. Lett.}}

@string{pla = {Phys. Lett. A}}

@string{plb = {Phys. Lett. B}}

@string{pnas = {Proc. Nat. Acad. Sci. USA}}

@string{pp = {Phys. Plasmas}}

@string{ppcf = {Plasma Phys. \& Controlled Fusion}}

@string{pr = {Phys. Rev.}}

@string{pra = {Phys. Rev. A}}

@string{prb = {Phys. Rev. B}}

@string{prc = {Phys. Rev. C}}

@string{prd = {Phys. Rev. D}}

@string{pre = {Phys. Rev. E}}

@string{prep = {Phys. Rep.}}

@string{prl = {Phys. Rev. Lett.}}

@string{procrsl = {Proc. Roy. Soc. London}}

@string{ps = {Phys. Scripta}}

@string{rmp = {Rev. Mod. Phys.}}

@string{rsi = {Rev. Sci. Inst.}}



@article{lux-nim,
      author         = "Akerib, D. S. and others",
      title          = "{The Large Underground Xenon (LUX) Experiment}",
      journal        = "Nucl.Instrum.Meth.",
      volume         = "A704",
      pages          = "111-126",
      doi            = "10.1016/j.nima.2012.11.135",
      year           = "2013"
}

@misc{lux-reanalysis,
     author = "Akerib, D. S. and others",
     year = "2015",
     note = "{to be submitted to Phys.Rev.Lett.}"}

@misc{lux-prd,
     author = "Akerib, D. S. and others",
     year = "2015",
     note = "to be submitted to Phys.Rev.D"}


@misc{moravek,
note = {Moravek Biochemical Brea California 92821 U.S.A}}

@misc{seas,
note = {SAES Pure Gas San Luis Obispo California 93401 U.S.A.}}

@article{xed-discrimination,
      author         = "Shutt, T. and others",
      title          = "{Performance and Fundamental Processes at Low Energy in a Two-Phase Liquid Xenon Dark Matter Detector}",
      journal        = "Nucl.Instrum.Meth.",
      volume         = "A579",
      pages          = "451-453",
      doi            = "10.1016/j.nima.2007.04.104",
      year           = "2007"
}


@article{kaixuan,
      author         = "Lin, Q. and others",
      title          = "{Scintillation and ionization responses of liquid xenon
                        to low energy electronic and nuclear recoils at drift
                        fields from 236??V/cm to 3.93??kV/cm}",
      journal        = "Phys. Rev.",
      volume         = "D92",
      year           = "2015",
      number         = "3",
      pages          = "032005",
      doi            = "10.1103/PhysRevD.92.032005"
}

@article{Aprile_alpha,
  title = {Observation of anticorrelation between scintillation and ionization for MeV gamma rays in liquid xenon},
  author = {Aprile, E.  and others},
  journal = {Phys. Rev. B},
  volume = {76},
  issue = {1},
  pages = {014115},
  numpages = {7},
  year = {2007},
  month = {Jul},
  publisher = {American Physical Society},
  doi = {10.1103/PhysRevB.76.014115}
}

@article{conti,
  title = {Correlated fluctuations between luminescence and ionization in liquid xenon},
  author = {Conti, E. and others},
  journal = {Phys. Rev. B},
  volume = {68},
  issue = {5},
  pages = {054201},
  numpages = {5},
  year = {2003},
  month = {Aug},
  publisher = {American Physical Society},
  doi = {10.1103/PhysRevB.68.054201}
}

@article{Sorensen_Dahl,
  title = {Nuclear recoil energy scale in liquid xenon with application to the direct detection of dark matter},
  author = {Sorensen, P. and Dahl, C. E.},
  journal = {Phys. Rev. D},
  volume = {83},
  issue = {6},
  pages = {063501},
  numpages = {6},
  year = {2011},
  month = {Mar},
  publisher = {American Physical Society},
  doi = {10.1103/PhysRevD.83.063501}
}

@article{nest_2011,
      author         = "Szydagis, M. and others",
      title          = "{NEST: A Comprehensive Model for Scintillation Yield in
                        Liquid Xenon}",
      journal        = "JINST",
      volume         = "6",
      year           = "2011",
      pages          = "P10002",
      doi            = "10.1088/1748-0221/6/10/P10002"
}


@article{lux-prl,
      author         = "Akerib, D. S. and others",
      title          = "{First results from the LUX dark matter experiment at the
                        Sanford Underground Research Facility}",
      journal        = "Phys.Rev.Lett.",
      volume         = "112",
      pages          = "091303",
      doi            = "10.1103/PhysRevLett.112.091303",
      year           = "2014"
}


@article{lz-cdr,
      author         = "Akerib, D. S. and others",
      title          = "{LUX-ZEPLIN (LZ) Conceptual Design Report}",
      collaboration  = "LZ",
      year           = "2015",
      eprint         = "1509.02910",
      archivePrefix  = "arXiv",
      primaryClass   = "physics.ins-det",
      reportNumber   = "LBNL-190005"
}

%%%%%%% Kr83 Refs %%%%%%%%%%%%%%%%%%%%%%%%%%%%%%%%%%%%%%%%%%%

@article{Kastens:2009pa,
      author         = "Kastens, L. W. and others",
      title          = "{Calibration of a Liquid Xenon Detector with Kr-83m}",
      journal        = "Phys. Rev.",
      volume         = "C80",
      year           = "2009",
      pages          = "045809",
      doi            = "10.1103/PhysRevC.80.045809"
}

@article{Dobi_CH4,
title = "Study of a zirconium getter for purification of xenon gas",
journal = "Nucl.Instrum.Meth.",
volume = "A620",
pages = "594 - 598",
year = "2010",
author = "A. Dobi and others",
}

%Compton scattering down to 1.5 keV and Kr83 calibration. Kr83 timing separation.
@article{Baudis,
  title = "{Response of liquid xenon to Compton electrons down to 1.5 keV}",
  author = {Baudis, L. and others},
  journal = {Phys. Rev. D},
  volume = {87},
  issue = {11},
  pages = {115015},
  numpages = {14},
  year = {2013},
  month = {Jun},
  publisher = {American Physical Society},
  doi = {10.1103/PhysRevD.87.115015}
}

@article{Aprile_LY,
  title = {Measurement of the scintillation yield of low-energy electrons in liquid xenon},
  author = {Aprile, E. and others},
  journal = {Phys. Rev. D},
  volume = {86},
  issue = {11},
  pages = {112004},
  numpages = {14},
  year = {2012},
  month = {Dec},
  publisher = {American Physical Society},
  doi = {10.1103/PhysRevD.86.112004}
}


@article{Tritium_Q,
  author={Nagy, S. and others},
  title="{On the Q value of the tritium decay}",
  journal={Euro. Phys. Lett.},
  volume={74},
  number={3},
  pages={404},
  year={2006}
}
	
@article{Tritium_Mean,
  title = "{Average Decay Energy of Tritium}",
  author = {Gregory, D. P. and Landsman, D. A.},
  journal = {Phys. Rev.},
  volume = {109},
  issue = {6},
  pages = {2091--2091},
  numpages = {0},
  year = {1958},
  month = {Mar},
  publisher = {American Physical Society},
  doi = {10.1103/PhysRev.109.2091}
}

 %%%%%% References to Tritium Beta Spectrum and measurements of the spectrum %%%%%%%%%%%%%%%%%%%%%%%

@article{Drexlin:2013lha,
      author         = "Drexlin, G. and others",
      title          = "{Current direct neutrino mass experiments}",
      journal        = "Adv. High Energy Phys.",
      volume         = "2013",
      year           = "2013",
      pages          = "293986",
      doi            = "10.1155/2013/293986"
}

@article{Tritium_Eq,
  author={Venkataramaiah, P. and others},
  title="{A simple relation for the Fermi function}",
  journal={Jour. Phys. G},
  volume={11},
  number={3},
  pages={359},
  url={http://stacks.iop.org/0305-4616/11/i=3/a=014},
  year={1985}
  }

	
	% Doke alpha = 0.20 in LXe
@article{Doke_alpha,
  author={Doke, T. and others},
  title={Absolute Scintillation Yields in Liquid Argon and Xenon for Various Particles},
  journal={Japan. Jour. Appl. Phys.},
  volume={41},
  number={3R},
  pages={1538},
  url={http://stacks.iop.org/1347-4065/41/i=3R/a=1538},
  year={2002},
}
		

%Platzman Eq.
@article{Platzman,
  title = {Total Ionization in Gases by High-Energy Particles: An Appraisal of Our Understanding},
  author = {R. L. Platzman. },
  journal = {Int.J.Appl.Radiat.Isotopes},
  volume = {10},
  issue = {10},
  pages = {116},
  numpages = {11},
  year = {1961},
}

%NEST

@article{NEST,
      author         = "Szydagis, M. and others",
      title          = "{NEST: A Comprehensive Model for Scintillation Yield in
                        Liquid Xenon}",
      journal        = "JINST",
      volume         = "6",
      year           = "2011",
      pages          = "P10002",
      doi            = "10.1088/1748-0221/6/10/P10002"
}

@article{NEST_2013,
      author         = "Szydagis, M. and others",
      title          = "{Enhancement of NEST Capabilities for Simulating
                        Low-Energy Recoils in Liquid Xenon}",
      journal        = "JINST",
      volume         = "8",
      year           = "2013",
      pages          = "C10003",
      doi            = "10.1088/1748-0221/8/10/C10003"
}

%difusion of tritium
@ARTICLE{miyake:1983, 
author={Miyake, H. and others}, 
journal={Jour. Vac. Sci. Tech. A}, 
title={Permeation, diffusion, and solution of hydrogen isotopes, methane, and inert gases in/through tetrafluoroethylene and polyethylene}, 
year={1983}, 
month={Jul}, 
volume={1}, 
number={3}, 
pages={1447-1451}, 
doi={10.1116/1.572038}, 
ISSN={0734-2101},}

%%% Xenon Properties %%%%%%%%%%%%%%%%%%%%%%%%%%%%%%%%%%%%%

%Dahl Thesis
@phdthesis{Dahl_Thesis,
  author       = {C. E. Dahl}, 
  school       = {Princeton University},
  year         = {2009}
}

%Dobi Thesis
@phdthesis{Dobi_Thesis,
  author       = {A. Dobi}, 
  school       = {University of Maryland},
  year         = {2014}
}

@article{zep3,
      author         = "Lebedenko, V. N. and others",
      title          = "{Result from the First Science Run of the ZEPLIN-III Dark
                        Matter Search Experiment}",
      journal        = "Phys. Rev.",
      volume         = "D80",
      year           = "2009",
      pages          = "052010",
      doi            = "10.1103/PhysRevD.80.052010"
}




